<record><leader>00000cas a22000007a 4500</leader><controlfield tag="001">14471083</controlfield><controlfield tag="008">861022d18401841lauir ne      0    0fre d</controlfield><datafield ind1=" " ind2=" " tag="010"><subfield code="a">sn 86053788 </subfield></datafield><datafield ind1=" " ind2=" " tag="040"><subfield code="a">NPX</subfield><subfield code="b">eng</subfield><subfield code="c">NPX</subfield><subfield code="d">LNP</subfield><subfield code="d">DLC</subfield><subfield code="d">OCL</subfield><subfield code="d">OCLCQ</subfield></datafield><datafield ind1=" " ind2=" " tag="019"><subfield code="a">10449580</subfield></datafield><datafield ind1="0" ind2=" " tag="041"><subfield code="a">frespa</subfield></datafield><datafield ind1=" " ind2=" " tag="042"><subfield code="a">msc</subfield></datafield><datafield ind1="0" ind2="0" tag="050"><subfield code="a">Newspaper</subfield></datafield><datafield ind1="0" ind2=" " tag="130"><subfield code="a">Omnibus (New Orleans, La.)</subfield></datafield><datafield ind1="1" ind2="2" tag="245"><subfield code="a">L'omnibus.</subfield></datafield><datafield ind1=" " ind2=" " tag="260"><subfield code="a">Nouvelle-Orle&#769;ans [i.e. New Orleans, La.] :</subfield><subfield code="b">Socie&#769;te&#769; de jeunes gens</subfield></datafield><datafield ind1=" " ind2=" " tag="300"><subfield code="a">v.</subfield></datafield><datafield ind1=" " ind2=" " tag="310"><subfield code="a">Triweekly</subfield></datafield><datafield ind1="1" ind2=" " tag="362"><subfield code="a">Began in 1840; ceased in 1841.</subfield></datafield><datafield ind1=" " ind2=" " tag="500"><subfield code="a">&quot;Journal politique, litte&#769;raire et commercial.&quot;</subfield></datafield><datafield ind1=" " ind2=" " tag="546"><subfield code="a">In French and Spanish.</subfield></datafield><datafield ind1=" " ind2=" " tag="588"><subfield code="a">Description based on: No. 3 (22 de&#769;c. 1840).</subfield></datafield><datafield ind1=" " ind2=" " tag="752"><subfield code="a">United States</subfield><subfield code="b">Louisiana</subfield><subfield code="c">Orleans</subfield><subfield code="d">New Orleans.</subfield></datafield><datafield ind1="1" ind2=" " tag="029"><subfield code="a">AU@</subfield><subfield code="b">000025795208</subfield></datafield></record>